@inproceedings{kim2012object,
  title={Object recognition for cell manufacturing system},
  author={Kim, Kyekyung and Kim, Joongbae and Kang, Sangseung and Kim, Jaehong and Lee, Jaeyeon},
  booktitle={URAI},
  pages={512--514},
  year={2012}
}

@article{chen2012real,
  title={A real-time vehicle navigation algorithm in sensor network environments},
  author={Chen, CL Philip and Zhou, Jin and Zhao, Wei},
  journal={IEEE T-ITS},
  volume={13},
  number={4},
  pages={1657--1666},
  year={2012}
}

@article{ludvigsen2007applications,
  title={Applications of geo-referenced underwater photo mosaics in marine biology and archaeology},
  author={Ludvigsen, Martin and Sortland, Bj{\o}rn and Johnsen, Geir and Singh, Hanumant},
  journal={Oceanography},
  volume={20},
  number={4},
  pages={140--149},
  year={2007}
}

@mastersthesis{万媛媛2012水下光视觉目标检测与定位系统关键技术研究,
  title={水下光视觉目标检测与定位系统关键技术研究},
  author={万媛媛},
  year={2012},
  school={哈尔滨工程大学}
}

@inproceedings{ghosh2019interactive,
  title={Interactive sketch \& fill: Multiclass sketch-to-image translation},
  author={Ghosh, Arnab and Zhang, Richard and Dokania, Puneet K and Wang, Oliver and Efros, Alexei A and Torr, Philip HS and Shechtman, Eli},
  booktitle={ICCV},
  pages={1171--1180},
  year={2019}
}

@inproceedings{yi2019apdrawinggan,
  title={{APD}rawing{GAN}: Generating artistic portrait drawings from face photos with hierarchical {GAN}s},
  author={Yi, Ran and Liu, Yong-Jin and Lai, Yu-Kun and Rosin, Paul L},
  booktitle={CVPR},
  pages={10743--10752},
  year={2019}
}

@inproceedings{shi2019warpgan,
  title={Warp{GAN}: Automatic caricature generation},
  author={Shi, Yichun and Deb, Debayan and Jain, Anil K},
  booktitle={CVPR},
  pages={10762--10771},
  year={2019}
}

@inproceedings{zhou2019prior,
  title={Prior-aware neural network for partially-supervised multi-organ segmentation},
  author={Zhou, Yuyin and Li, Zhe and Bai, Song and Wang, Chong and Chen, Xinlei and Han, Mei and Fishman, Elliot and Yuille, Alan L},
  booktitle={ICCV},
  pages={10672--10681},
  year={2019}
}

@inproceedings{chan2019everybody,
  title={Everybody dance now},
  author={Chan, Caroline and Ginosar, Shiry and Zhou, Tinghui and Efros, Alexei A},
  booktitle={ICCV},
  pages={5933--5942},
  year={2019}
}

@inproceedings{zhang2019ranksrgan,
  title={Ranksr{GAN}: Generative adversarial networks with ranker for image super-resolution},
  author={Zhang, Wenlong and Liu, Yihao and Dong, Chao and Qiao, Yu},
  booktitle={ICCV},
  pages={3096--3105},
  year={2019}
}

@inproceedings{anokhin2020high,
  title={High-resolution daytime translation without domain labels},
  author={Anokhin, Ivan and Solovev, Pavel and Korzhenkov, Denis and Kharlamov, Alexey and Khakhulin, Taras and Silvestrov, Aleksei and Nikolenko, Sergey and Lempitsky, Victor and Sterkin, Gleb},
  booktitle={CVPR},
  pages={7488--7497},
  year={2020}
}

@inproceedings{cao2017unsupervised,
  title={Unsupervised diverse colorization via generative adversarial networks},
  author={Cao, Yun and Zhou, Zhiming and Zhang, Weinan and Yu, Yong},
  booktitle={ECML PKDD},
  pages={151--166},
  year={2017}
}

@inproceedings{nazeri2018image,
  title={Image colorization using generative adversarial networks},
  author={Nazeri, Kamyar and Ng, Eric and Ebrahimi, Mehran},
  booktitle={AMDO},
  pages={85--94},
  year={2018}
}

@inproceedings{lee2019collagan,
  title={Colla{GAN}: Collaborative {GAN} for missing image data imputation},
  author={Lee, Dongwook and Kim, Junyoung and Moon, Won-Jin and Ye, Jong Chul},
  booktitle={CVPR},
  pages={2487--2496},
  year={2019}
}

@inproceedings{li2020object,
  title={Object Recognition Through {UAV} Observations Based on {YOLO} and Generative Adversarial Network},
  author={Li, Bo and Gan, Zhigang and Neretin, Evgeny Sergeevich and Yang, Zhipeng},
  booktitle={iThings},
  pages={439--449},
  year={2020}
}

@inproceedings{cao2019improving,
  title={Improving human pose estimation with self-attention generative adversarial networks},
  author={Cao, Zhongzheng and Wang, Rui and Wang, Xiangyang and Liu, Zhi and Zhu, Xiaoqiang},
  booktitle={ICMEW},
  pages={567--572},
  year={2019}
}

@inproceedings{karras2019style,
  title={A style-based generator architecture for generative adversarial networks},
  author={Karras, Tero and Laine, Samuli and Aila, Timo},
  booktitle={CVPR},
  pages={4401--4410},
  year={2019}
}

@article{bowles2018gan,
  title={{GAN} augmentation: Augmenting training data using generative adversarial networks},
  author={Bowles, Christopher and Chen, Liang and Guerrero, Ricardo and Bentley, Paul and Gunn, Roger and Hammers, Alexander and Dickie, David Alexander and Hern{\'a}ndez, Maria Vald{\'e}s and Wardlaw, Joanna and Rueckert, Daniel},
  journal={arXiv preprint arXiv:1810.10863},
  year={2018}
}

@inproceedings{ledig2017photo,
  title={Photo-realistic single image super-resolution using a generative adversarial network},
  author={Ledig, Christian and Theis, Lucas and Husz{\'a}r, Ferenc and Caballero, Jose and Cunningham, Andrew and Acosta, Alejandro and Aitken, Andrew and Tejani, Alykhan and Totz, Johannes and Wang, Zehan and others},
  booktitle={CVPR},
  pages={4681--4690},
  year={2017}
}

%InfoGAN
@inproceedings{chen2016infogan,
  title={Info{GAN}: Interpretable Representation Learning by Information Maximizing Generative Adversarial Nets},
  author={Chen, Xi and Duan, Yan and Houthooft, Rein and Schulman, John and Sutskever, Ilya and Abbeel, Pieter},
  booktitle={NIPS},
  year={2016}
}

%AVB
@inproceedings{mescheder2017adversarial,
  title={Adversarial variational bayes: Unifying variational autoencoders and generative adversarial networks},
  author={Mescheder, Lars and Nowozin, Sebastian and Geiger, Andreas},
  booktitle={ICML},
  pages={2391--2400},
  year={2017}
}

%ALI
@article{donahue2016adversarial,
  title={Adversarial feature learning},
  author={Donahue, Jeff and Kr{\"a}henb{\"u}hl, Philipp and Darrell, Trevor},
  journal={arXiv preprint arXiv:1605.09782},
  year={2016}
}

%BiGAN
@inproceedings{zhang2018bidirectional,
  title={Bidirectional generative adversarial networks for neural machine translation},
  author={Zhang, Zhirui and Liu, Shujie and Li, Mu and Zhou, Ming and Chen, Enhong},
  booktitle={CoNLL},
  pages={190--199},
  year={2018}
}

%Mixture Density GAN
@inproceedings{eghbal2019mixture,
  title={Mixture density generative adversarial networks},
  author={Eghbal-zadeh, Hamid and Zellinger, Werner and Widmer, Gerhard},
  booktitle={CVPR},
  pages={5820--5829},
  year={2019}
}

%SR-GAN
@inproceedings{liu2019spectral,
  title={Spectral regularization for combating mode collapse in {GAN}s},
  author={Liu, Kanglin and Tang, Wenming and Zhou, Fei and Qiu, Guoping},
  booktitle={ICCV},
  pages={6382--6390},
  year={2019}
}

@inproceedings{an2020ae,
  title={{AE}-{OT}-{GAN}: Training {GAN}s from data specific latent distribution},
  author={An, Dongsheng and Guo, Yang and Zhang, Min and Qi, Xin and Lei, Na and Gu, Xianfang},
  booktitle={ECCV},
  pages={548--564},
  year={2020}
}

@inproceedings{hyun2020varsr,
  title={Var{SR}: Variational Super-Resolution Network for Very Low Resolution Images},
  author={Hyun, Sangeek and Heo, Jae-Pil},
  booktitle={ECCV},
  year={2020}
}

@inproceedings{lee2020journey,
  title={Journey Towards Tiny Perceptual Super-Resolution},
  author={Lee, Royson and Dudziak, {\L}ukasz and Abdelfattah, Mohamed and Venieris, Stylianos I and Kim, Hyeji and Wen, Hongkai and Lane, Nicholas D},
  booktitle={ECCV},
  pages={85--102},
  year={2020}
}

% 去雾去噪
@inproceedings{shao2020domain,
  title={Domain adaptation for image dehazing},
  author={Shao, Yuanjie and Li, Lerenhan and Ren, Wenqi and Gao, Changxin and Sang, Nong},
  booktitle={CVPR},
  pages={2808--2817},
  year={2020}
}

@inproceedings{wan2020reflection,
  title={Reflection scene separation from a single image},
  author={Wan, Renjie and Shi, Boxin and Li, Haoliang and Duan, Ling-Yu and Kot, Alex C},
  booktitle={CVPR},
  pages={2398--2406},
  year={2020}
}

% 分类识别
@inproceedings{oza2020multiple,
  title={Multiple class novelty detection under data distribution shift},
  author={Oza, Poojan and Nguyen, Hien V and Patel, Vishal M},
  booktitle={ECCV},
  pages={432--449},
  year={2020}
}

@inproceedings{fang2020generate,
  title={Generate to Adapt: Resolution Adaption Network for Surveillance Face Recognition},
  author={Fang, Han and Deng, Weihong and Zhong, Yaoyao and Hu, Jiani},
  booktitle={ECCV},
  pages={741--758},
  year={2020}
}

@inproceedings{jung2020icaps,
  title={i{C}aps: An Interpretable Classifier via Disentangled Capsule Networks},
  author={Jung, Dahuin and Lee, Jonghyun and Yi, Jihun and Yoon, Sungroh},
  booktitle={ECCV},
  pages={314--330},
  year={2020}
}

%fast-rcnn
@inproceedings{wang2017fast,
  title={A-{F}ast-{RCNN}: Hard positive generation via adversary for object detection},
  author={Wang, Xiaolong and Shrivastava, Abhinav and Gupta, Abhinav},
  booktitle={CVPR},
  pages={2606--2615},
  year={2017}
}

@inproceedings{luc2016semantic,
  title={Semantic Segmentation using Adversarial Networks},
  author={Luc, Pauline and Couprie, Camille and Chintala, Soumith and Verbeek, Jakob},
  booktitle={NIPS Workshop},
  year={2016}
}

@inproceedings{zhu2019dm,
  title={{DM}-{GAN}: Dynamic memory generative adversarial networks for text-to-image synthesis},
  author={Zhu, Minfeng and Pan, Pingbo and Chen, Wei and Yang, Yi},
  booktitle={CVPR},
  pages={5802--5810},
  year={2019}
}

%AlexNet
@article{krizhevsky2017imagenet,
  title={Image{N}et classification with deep convolutional neural networks},
  author={Krizhevsky, Alex and Sutskever, Ilya and Hinton, Geoffrey E},
  journal={Communications of the ACM},
  volume={60},
  number={6},
  pages={84--90},
  year={2017}
}

% BN
@inproceedings{ioffe2015batch,
  title={Batch normalization: Accelerating deep network training by reducing internal covariate shift},
  author={Ioffe, Sergey and Szegedy, Christian},
  booktitle={ICML},
  pages={448--456},
  year={2015}
}

% Instance normalization
@article{ulyanov2016instance,
  title={Instance normalization: The missing ingredient for fast stylization},
  author={Ulyanov, Dmitry and Vedaldi, Andrea and Lempitsky, Victor},
  journal={arXiv preprint arXiv:1607.08022},
  year={2016}
}


%ReLU
@inproceedings{nair2010rectified,
  title={Rectified linear units improve restricted boltzmann machines},
  author={Nair, Vinod and Hinton, Geoffrey E},
  booktitle={ICML},
  year={2010}
}

% LeakyReLU
@article{xu2015empirical,
  title={Empirical evaluation of rectified activations in convolutional network},
  author={Xu, Bing and Wang, Naiyan and Chen, Tianqi and Li, Mu},
  journal={arXiv preprint arXiv:1505.00853},
  year={2015}
}

%ImageNet
@inproceedings{deng2009imagenet,
  title={Image{N}et: A large-scale hierarchical image database},
  author={Deng, Jia and Dong, Wei and Socher, Richard and Li, Li-Jia and Li, Kai and Fei-Fei, Li},
  booktitle={CVPR},
  pages={248--255},
  year={2009}
}

%VAE
@article{kingma2013auto,
  title={Auto-encoding variational bayes},
  author={Kingma, Diederik P and Welling, Max},
  journal={arXiv preprint arXiv:1312.6114},
  year={2013}
}

%GAN
@inproceedings{goodfellow2014generative,
  title={Generative adversarial nets},
  author={Goodfellow, Ian and Pouget-Abadie, Jean and Mirza, Mehdi and Xu, Bing and Warde-Farley, David and Ozair, Sherjil and Courville, Aaron and Bengio, Yoshua},
  booktitle={NIPS},
  pages={2672--2680},
  year={2014}
}

%CGAN
@article{mirza2014conditional,
  title={Conditional generative adversarial nets},
  author={Mirza, Mehdi and Osindero, Simon},
  journal={arXiv preprint arXiv:1411.1784},
  year={2014}
}

% DCGAN
@article{radford2015unsupervised,
  title={Unsupervised representation learning with deep convolutional generative adversarial networks},
  author={Radford, Alec and Metz, Luke and Chintala, Soumith},
  journal={arXiv preprint arXiv:1511.06434},
  year={2015}
}

%LSGAN
@inproceedings{mao2017least,
  title={Least squares generative adversarial networks},
  author={Mao, Xudong and Li, Qing and Xie, Haoran and Lau, Raymond YK and Wang, Zhen and Paul Smolley, Stephen},
  booktitle={ICCV},
  pages={2794--2802},
  year={2017}
}

%ACGAN
@inproceedings{odena2017conditional,
  title={Conditional image synthesis with auxiliary classifier {GAN}s},
  author={Odena, Augustus and Olah, Christopher and Shlens, Jonathon},
  booktitle={ICML},
  pages={2642--2651},
  year={2017}
}

%WGAN
@article{arjovsky2017wasserstein,
  title={Wasserstein {GAN}},
  author={Arjovsky, Martin and Chintala, Soumith and Bottou, L{\'e}on},
  journal={arXiv preprint arXiv:1701.07875},
  year={2017}
}

%WGAN-GP
@article{gulrajani2017improved,
  title={Improved training of {W}asserstein {GAN}s},
  author={Gulrajani, Ishaan and Ahmed, Faruk and Arjovsky, Martin and Dumoulin, Vincent and Courville, Aaron C},
  journal={NIPS},
  volume={30},
  pages={5767--5777},
  year={2017}
}

%pix2pix
@inproceedings{isola2017image,
  title={Image-to-image translation with conditional adversarial networks},
  author={Isola, Phillip and Zhu, Jun-Yan and Zhou, Tinghui and Efros, Alexei A},
  booktitle={CVPR},
  pages={1125--1134},
  year={2017}
}

%unet
@inproceedings{ronneberger2015u,
  title={U-net: Convolutional networks for biomedical image segmentation},
  author={Ronneberger, Olaf and Fischer, Philipp and Brox, Thomas},
  booktitle={MICCAI},
  pages={234--241},
  year={2015}
}

%cycleGAN
@inproceedings{zhu2017unpaired,
  title={Unpaired image-to-image translation using cycle-consistent adversarial networks},
  author={Zhu, Jun-Yan and Park, Taesung and Isola, Phillip and Efros, Alexei A},
  booktitle={ICCV},
  pages={2223--2232},
  year={2017}
}

%UNIT
@article{liu2017unsupervised,
  title={Unsupervised image-to-image translation networks},
  author={Liu, Ming-Yu and Breuel, Thomas and Kautz, Jan},
  journal={NIPS},
  volume={30},
  pages={700--708},
  year={2017}
}

%MUNIT
@inproceedings{huang2018multimodal,
  title={Multimodal unsupervised image-to-image translation},
  author={Huang, Xun and Liu, Ming-Yu and Belongie, Serge and Kautz, Jan},
  booktitle={ECCV},
  pages={172--189},
  year={2018}
}

%AdaIN
@inproceedings{huang2017arbitrary,
  title={Arbitrary style transfer in real-time with adaptive instance normalization},
  author={Huang, Xun and Belongie, Serge},
  booktitle={ICCV},
  pages={1501--1510},
  year={2017}
}

%MSGAN
@inproceedings{mao2019mode,
  title={Mode seeking generative adversarial networks for diverse image synthesis},
  author={Mao, Qi and Lee, Hsin-Ying and Tseng, Hung-Yu and Ma, Siwei and Yang, Ming-Hsuan},
  booktitle={CVPR},
  pages={1429--1437},
  year={2019}
}

%DRIT
@inproceedings{lee2018diverse,
  title={Diverse image-to-image translation via disentangled representations},
  author={Lee, Hsin-Ying and Tseng, Hung-Yu and Huang, Jia-Bin and Singh, Maneesh and Yang, Ming-Hsuan},
  booktitle={ECCV},
  pages={35--51},
  year={2018}
}

@article{2002Vision,
  title={Vision and the Atmosphere},
  author={ Narasimhan, Srinivasa G.  and  Nayar, Shree K. },
  journal={IJCV},
  pages={233-254},
  year={2002},
}

%DRIT++
@article{lee2020drit++,
  title={{DRIT}++: Diverse image-to-image translation via disentangled representations},
  author={Lee, Hsin-Ying and Tseng, Hung-Yu and Mao, Qi and Huang, Jia-Bin and Lu, Yu-Ding and Singh, Maneesh and Yang, Ming-Hsuan},
  journal={IJCV},
  pages={1--16},
  year={2020}
}

%DSMAP
@inproceedings{chang2020domain,
  title={Domain-Specific Mappings for Generative Adversarial Style Transfer},
  author={Chang, Hsin-Yu and Wang, Zhixiang and Chuang, Yung-Yu},
  booktitle={ECCV},
  pages={573--589},
  year={2020}
}

%starGAN
@inproceedings{choi2018stargan,
  title={Star{GAN}: Unified generative adversarial networks for multi-domain image-to-image translation},
  author={Choi, Yunjey and Choi, Minje and Kim, Munyoung and Ha, Jung-Woo and Kim, Sunghun and Choo, Jaegul},
  booktitle={CVPR},
  pages={8789--8797},
  year={2018}
}

%starGAN v2
@inproceedings{choi2020stargan,
  title={Star{GAN} v2: Diverse image synthesis for multiple domains},
  author={Choi, Yunjey and Uh, Youngjung and Yoo, Jaejun and Ha, Jung-Woo},
  booktitle={CVPR},
  pages={8188--8197},
  year={2020}
}

%RUIE
@article{liu2019real,
  title={Real-world underwater enhancement: Challenges, benchmarks, and solutions},
  author={Liu, Risheng and Fan, Xin and Zhu, Ming and Hou, Minjun and Luo, Zhongxuan},
  journal={arXiv preprint arXiv:1901.05320},
  year={2019}
}

%UIE-DAL
@inproceedings{uplavikar2019all,
  title={All-in-One Underwater Image Enhancement Using Domain-Adversarial Learning.},
  author={Uplavikar, Pritish M and Wu, Zhenyu and Wang, Zhangyang},
  booktitle={CVPR Workshops},
  pages={1--8},
  year={2019}
}

%NYU v2
@inproceedings{silberman2012indoor,
  title={Indoor segmentation and support inference from {RGBD} images},
  author={Silberman, Nathan and Hoiem, Derek and Kohli, Pushmeet and Fergus, Rob},
  booktitle={ECCV},
  pages={746--760},
  year={2012}
}

%UWCNN
@article{li2020underwater,
  title={Underwater scene prior inspired deep underwater image and video enhancement},
  author={Li, Chongyi and Anwar, Saeed and Porikli, Fatih},
  journal={Pattern Recognition},
  volume={98},
  pages={107038},
  year={2020},
  publisher={Elsevier}
}

@inproceedings{jamadandi2019exemplar,
  title={Exemplar-based underwater image enhancement augmented by wavelet corrected transforms},
  author={Jamadandi, Adarsh and Mudenagudi, Uma},
  booktitle={CVPR Workshops},
  pages={11--17},
  year={2019}
}

%EUVP
@article{islam2020fast,
  title={Fast underwater image enhancement for improved visual perception},
  author={Islam, Md Jahidul and Xia, Youya and Sattar, Junaed},
  journal={IEEE RA-L},
  volume={5},
  number={2},
  pages={3227--3234},
  year={2020},
  publisher={IEEE}
}

% Lina
@article{li2018synthesis,
  title={The synthesis of unpaired underwater images using a multistyle generative adversarial network},
  author={Li, Na and Zheng, Ziqiang and Zhang, Shaoyong and Yu, Zhibin and Zheng, Haiyong and Zheng, Bing},
  journal={IEEE Access},
  volume={6},
  pages={54241--54257},
  year={2018},
  publisher={IEEE}
}

%UIEB
@article{li2019underwater,
  title={An underwater image enhancement benchmark dataset and beyond},
  author={Li, Chongyi and Guo, Chunle and Ren, Wenqi and Cong, Runmin and Hou, Junhui and Kwong, Sam and Tao, Dacheng},
  journal={IEEE TIP},
  volume={29},
  pages={4376--4389},
  year={2019}
}

% UCIQE
@article{yang2015underwater,
  title={An underwater color image quality evaluation metric},
  author={Yang, Miao and Sowmya, Arcot},
  journal={IEEE TIP},
  volume={24},
  number={12},
  pages={6062--6071},
  year={2015},
  publisher={IEEE}
}

$ UIQM
@article{panetta2015human,
  title={Human-visual-system-inspired underwater image quality measures},
  author={Panetta, Karen and Gao, Chen and Agaian, Sos},
  journal={IEEE JOE},
  volume={41},
  number={3},
  pages={541--551},
  year={2015},
  publisher={IEEE}
}

%FID
@inproceedings{heusel2017gans,
  title={{GAN}s trained by a two time-scale update rule converge to a local nash equilibrium},
  author={Heusel, Martin and Ramsauer, Hubert and Unterthiner, Thomas and Nessler, Bernhard and Hochreiter, Sepp},
  booktitle={NIPS},
  pages={6629--6640},
  year={2017}
}

%LPIPS
@inproceedings{zhang2018perceptual,
  title={The Unreasonable Effectiveness of Deep Features as a Perceptual Metric},
  author={Zhang, Richard and Isola, Phillip and Efros, Alexei A and Shechtman, Eli and Wang, Oliver},
  booktitle={CVPR},
  year={2018}
}

% UGAN
@inproceedings{fabbri2018enhancing,
  title={Enhancing underwater imagery using generative adversarial networks},
  author={Fabbri, Cameron and Islam, Md Jahidul and Sattar, Junaed},
  booktitle={ICRA},
  pages={7159--7165},
  year={2018}
}

%Underwater-GAN
@inproceedings{yu2018underwater,
  title={Underwater-{GAN}: Underwater image restoration via conditional generative adversarial network},
  author={Yu, Xiaoli and Qu, Yanyun and Hong, Ming},
  booktitle={ICPR},
  pages={66--75},
  year={2018}
}

%UWGAN
@article{wang2019uwgan,
  title={{UWGAN}: Underwater {GAN} for Real-world Underwater Color Restoration and Dehazing},
  author={Wang, Nan and Zhou, Yabin and Han, Fenglei and Zhu, Haitao and Zheng, Yaojing},
  journal={arXiv preprint arXiv:1912.10269},
  year={2019}
}

%WaterGAN
@article{li2017watergan,
  title={Water{GAN}: Unsupervised generative network to enable real-time color correction of monocular underwater images},
  author={Li, Jie and Skinner, Katherine A and Eustice, Ryan M and Johnson-Roberson, Matthew},
  journal={IEEE RA-L},
  volume={3},
  number={1},
  pages={387--394},
  year={2017}
}

@incollection{janoch2013category,
  title={A category-level 3{D} object dataset: Putting the kinect to work},
  author={Janoch, Allison and Karayev, Sergey and Jia, Yangqing and Barron, Jonathan T and Fritz, Mario and Saenko, Kate and Darrell, Trevor},
  booktitle={Consumer depth cameras for computer vision},
  pages={141--165},
  year={2013},
  publisher={Springer}
}

@inproceedings{lai2014unsupervised,
  title={Unsupervised feature learning for 3{D} scene labeling},
  author={Lai, Kevin and Bo, Liefeng and Fox, Dieter},
  booktitle={ICRA},
  pages={3050--3057},
  year={2014}
}

@inproceedings{silberman2011indoor,
  title={Indoor scene segmentation using a structured light sensor},
  author={Silberman, Nathan and Fergus, Rob},
  booktitle={ICCV Workshops},
  pages={601--608},
  year={2011}
}

@inproceedings{shotton2013scene,
  title={Scene coordinate regression forests for camera relocalization in {RGB}-{D} images},
  author={Shotton, Jamie and Glocker, Ben and Zach, Christopher and Izadi, Shahram and Criminisi, Antonio and Fitzgibbon, Andrew},
  booktitle={CVPR},
  pages={2930--2937},
  year={2013}
}

% MLFcGAN
@article{liu2019mlfcgan,
  title={{MLF}c{GAN}: Multilevel feature fusion-based conditional {GAN} for underwater image color correction},
  author={Liu, Xiaodong and Gao, Zhi and Chen, Ben M},
  journal={IEEE GRSL},
  volume={17},
  number={9},
  pages={1488--1492},
  year={2019}
}

% DRPAN
@article{wang2019discriminative,
  title={Discriminative Region Proposal Adversarial Network for High-Quality Image-to-Image Translation},
  author={Wang, Chao and Niu, Wenjie and Jiang, Yufeng and Zheng, Haiyong and Yu, Zhibin and Gu, Zhaorui and Zheng, Bing},
  journal={IJCV},
  pages={1--20},
  year={2019}
}

%pix2pixHD
@inproceedings{wang2018high,
  title={High-resolution image synthesis and semantic manipulation with conditional {GAN}s},
  author={Wang, Ting-Chun and Liu, Ming-Yu and Zhu, Jun-Yan and Tao, Andrew and Kautz, Jan and Catanzaro, Bryan},
  booktitle={CVPR},
  pages={8798--8807},
  year={2018}
}

% L1
@inproceedings{shrivastava2017learning,
  title={Learning from simulated and unsupervised images through adversarial training},
  author={Shrivastava, Ashish and Pfister, Tomas and Tuzel, Oncel and Susskind, Joshua and Wang, Wenda and Webb, Russell},
  booktitle={CVPR},
  pages={2107--2116},
  year={2017}
}

% IS
@inproceedings{salimans2016improved,
  title={Improved techniques for training {GAN}s},
  author={Salimans, Tim and Goodfellow, Ian and Zaremba, Wojciech and Cheung, Vicki and Radford, Alec and Chen, Xi},
  booktitle={NIPS},
  pages={2234--2242},
  year={2016}
}